<record xmlns="http://www.loc.gov/MARC21/slim" xmlns:xsi="http://www.w3.org/2001/XMLSchema-instance" xsi:schemaLocation="http://www.loc.gov/MARC21/slim http://www.loc.gov/standards/marcxml/schema/MARC21slim.xsd"><leader>00953nz   2200193n  4500</leader><controlfield tag="001">oca00412826 </controlfield><controlfield tag="005">19840322000000.0</controlfield><controlfield tag="008">800527n| acannaab|          |a aaa |||  </controlfield><datafield ind1=" " ind2=" " tag="010"><subfield code="a">n  80030590 </subfield></datafield><datafield ind1=" " ind2=" " tag="040"><subfield code="a">DLC</subfield><subfield code="c">DLC</subfield></datafield><datafield ind1="0" ind2=" " tag="100"><subfield code="a">Nicephorus,</subfield><subfield code="c">Saint, Patriarch of Constantinople.</subfield></datafield><datafield ind1="0" ind2=" " tag="400"><subfield code="a">Nikifor,</subfield><subfield code="c">Patriarkh konstantinopolʹskiĭ</subfield></datafield><datafield ind1="0" ind2=" " tag="400"><subfield code="a">Nikifor,</subfield><subfield code="c">Saint, Patriarch of Constantinople</subfield></datafield><datafield ind1="0" ind2=" " tag="400"><subfield code="a">Nikifor,</subfield><subfield code="c">sv., Patriarkh konstantinopolʹskiĭ</subfield></datafield><datafield ind1="0" ind2=" " tag="400"><subfield code="a">Nikēphoros</subfield><subfield code="c">Saint, Patriarch of Constantinople</subfield></datafield><datafield ind1=" " ind2=" " tag="670"><subfield code="a">Megalē hellēn. enkykl</subfield><subfield code="b">(Nikēphoros, Patriarchēs Kōnstantinoupoleōs)</subfield></datafield><datafield ind1=" " ind2=" " tag="670"><subfield code="a">Thrēskeutikē kai ēthikē enkykl.</subfield><subfield code="b">(Nikēphoros ho Aʹ Patriarchēs Kōnstantinoupoleōs, b. 758, d. 806)</subfield></datafield><datafield ind1=" " ind2=" " tag="670"><subfield code="a">Chichurov, I. S. Vizantiĭskie istoricheskie sochineniia "Khronogr."Feofana, "Brev." Nikifora, 1980:</subfield><subfield code="b">t.p. (Nikifora)</subfield></datafield><datafield ind1=" " ind2=" " tag="670"><subfield code="a">Russ. Brockhaus., v. 21, p. 84</subfield><subfield code="b">(Nikifor, sv. patriarkh konst.)</subfield></datafield></record>